@unpublished{ukdiss,
Author = {{University of Kentucky Graduate School}},
Title = {Electronic Dissertation Preparation Instructions},
Url = {http://www.gradschool.uky.edu/CurrentStudents/electronic_dissertation_instructions.html},
Year = {2015}}

@book{latex,
Address = {Massachusetts},
Author = {Leslie Lamport},
Edition = {2nd},
Publisher = {Addison-Wesley},
Title = {\LaTeX : A Document Preparation System},
Year = {1994}}
